<record><leader>00000cas a22000007a 4500</leader><controlfield tag="001">12280128</controlfield><controlfield tag="008">850718d18991903mtuwr ne      0    0eng d</controlfield><datafield ind1=" " ind2=" " tag="010"><subfield code="a">sn 85053202 </subfield></datafield><datafield ind1=" " ind2=" " tag="040"><subfield code="a">MTL</subfield><subfield code="b">eng</subfield><subfield code="c">MTL</subfield><subfield code="d">OCLCQ</subfield></datafield><datafield ind1=" " ind2=" " tag="042"><subfield code="a">msc</subfield></datafield><datafield ind1="0" ind2=" " tag="130"><subfield code="a">Weekly Montanian (Libby, Mont.)</subfield></datafield><datafield ind1="1" ind2="4" tag="245"><subfield code="a">The Weekly Montanian.</subfield></datafield><datafield ind1=" " ind2=" " tag="260"><subfield code="a">Libby, Mont. :</subfield><subfield code="b">D.A. Hendricks,</subfield><subfield code="c">1899-</subfield></datafield><datafield ind1=" " ind2=" " tag="300"><subfield code="a">4 v. :</subfield><subfield code="b">ill. ;</subfield><subfield code="c">50 cm.</subfield></datafield><datafield ind1=" " ind2=" " tag="310"><subfield code="a">Weekly</subfield></datafield><datafield ind1="0" ind2=" " tag="362"><subfield code="a">Vol. 6, no. 5 (Dec. 23, 1899)-</subfield></datafield><datafield ind1="1" ind2=" " tag="362"><subfield code="a">Ceased in Apr. 1903.</subfield><subfield code="z">Cf. Western news (Libby, Mont.), Apr. 30, 1903.</subfield></datafield><datafield ind1=" " ind2=" " tag="500"><subfield code="a">Last issue located: Vol. 9, no. 26 (Apr. 18, 1903).</subfield></datafield><datafield ind1=" " ind2=" " tag="500"><subfield code="a">Place of publication varies: Libby, Dec. 23, 1899-Mar. 14, 1903; Jennings, Mar. 21-Apr. &lt;18,&gt; 1903.</subfield></datafield><datafield ind1=" " ind2=" " tag="752"><subfield code="a">United States</subfield><subfield code="b">Montana</subfield><subfield code="c">Lincoln</subfield><subfield code="d">Libby.</subfield></datafield><datafield ind1=" " ind2=" " tag="752"><subfield code="a">United States</subfield><subfield code="b">Montana</subfield><subfield code="c">Lincoln</subfield><subfield code="d">Jennings.</subfield></datafield><datafield ind1="0" ind2="0" tag="780"><subfield code="t">Libby Montanian</subfield><subfield code="w">(DLC)sn 85053201</subfield></datafield></record>